<record><leader>00000cas a22000007a 4500</leader><controlfield tag="001">13312251</controlfield><controlfield tag="008">860319d181u1825scuir ne      0    0eng d</controlfield><datafield ind1=" " ind2=" " tag="010"><subfield code="a">sn 86053200 </subfield></datafield><datafield ind1=" " ind2=" " tag="040"><subfield code="a">NPX</subfield><subfield code="b">eng</subfield><subfield code="c">NPX</subfield><subfield code="d">DLC</subfield><subfield code="d">MGN</subfield><subfield code="d">OCLCG</subfield><subfield code="d">OCLCQ</subfield></datafield><datafield ind1=" " ind2=" " tag="042"><subfield code="a">msc</subfield></datafield><datafield ind1="0" ind2=" " tag="130"><subfield code="a">Southern patriot, and commercial advertiser (Charleston, S.C. : Triweekly)</subfield></datafield><datafield ind1="1" ind2="0" tag="245"><subfield code="a">Southern patriot, and commercial advertiser.</subfield></datafield><datafield ind1=" " ind2=" " tag="260"><subfield code="a">Charleston, S.C. :</subfield><subfield code="b">Robert Howard</subfield></datafield><datafield ind1=" " ind2=" " tag="300"><subfield code="a">v.</subfield></datafield><datafield ind1=" " ind2=" " tag="310"><subfield code="a">Triweekly</subfield></datafield><datafield ind1="1" ind2=" " tag="362"><subfield code="a">Ceased in 1825?</subfield></datafield><datafield ind1=" " ind2=" " tag="500"><subfield code="a">Publishers: Robert Howard, &lt;1819&gt;; J.N. Cardozo, &lt;1823&gt;.</subfield></datafield><datafield ind1=" " ind2=" " tag="588"><subfield code="a">Description based on: Feb. 11, 1819.</subfield></datafield><datafield ind1="1" ind2=" " tag="700"><subfield code="a">Howard, R. J.</subfield><subfield code="q">(Robert J.)</subfield></datafield><datafield ind1="1" ind2=" " tag="700"><subfield code="a">Cardozo, Jacob N.</subfield><subfield code="q">(Jacob Newton),</subfield><subfield code="d">1786-1873.</subfield></datafield><datafield ind1=" " ind2=" " tag="752"><subfield code="a">United States</subfield><subfield code="b">South Carolina</subfield><subfield code="c">Charleston</subfield><subfield code="d">Charleston.</subfield></datafield><datafield ind1="0" ind2=" " tag="775"><subfield code="t">Southern patriot, and commercial advertiser (Charleston, S.C. : Daily)</subfield><subfield code="w">(DLC)sn 83045162</subfield></datafield><datafield ind1="0" ind2="0" tag="785"><subfield code="t">Southern patriot (Charleston, S.C. : Triweekly)</subfield><subfield code="w">(DLC)sn 85042670</subfield></datafield><datafield ind1="1" ind2=" " tag="029"><subfield code="a">AU@</subfield><subfield code="b">000025787402</subfield></datafield></record>